@misc{
	cheng2020contextual,
	title={Contextual Text Style Transfer},
	author={Yu Cheng and Zhe Gan and Yizhe Zhang and Oussama 		Elachqar and Dianqi Li and Jingjing Liu},
	year={2020},
	url={https://openreview.net/forum?id=HkeJzANFwS}
}

@misc{bahdanau2014neural,
    title={Neural Machine Translation by Jointly Learning to Align and Translate},
    author={Dzmitry Bahdanau and Kyunghyun Cho and Yoshua Bengio},
    year={2014},
    eprint={1409.0473},
    archivePrefix={arXiv},
    primaryClass={cs.CL}
}

@misc{jhamtani2017shakespearizing,
    title={Shakespearizing Modern Language Using Copy-Enriched Sequence-to-Sequence Models},
    author={Harsh Jhamtani and Varun Gangal and Eduard Hovy and Eric Nyberg},
    year={2017},
    eprint={1707.01161},
    archivePrefix={arXiv},
    primaryClass={cs.CL}
}
